@article{asai_databases_2015,
	title = {Databases for multilevel biophysiology research available at {Physiome}.jp},
	volume = {6},
	copyright = {All rights reserved},
	doi = {10.3389/fphys.2015.00251},
	number = {SEP},
	journal = {Frontiers in Physiology},
	author = {Asai, Y. and Abe, T. and Li, L. and Oka, H. and Nomura, T. and Kitano, H.},
	year = {2015},
}

@article{asai_versatile_2014,
	title = {A {Versatile} {Platform} for {Multilevel} {Modeling} of {Physiological} {Systems}: {SBML}-{PHML} {Hybrid} {Modeling} and {Simulation}},
	volume = {3},
	shorttitle = {A {Versatile} {Platform} for {Multilevel} {Modeling} of {Physiological} {Systems}},
	doi = {10.14326/abe.3.50},
	journal = {Advanced Biomedical Engineering},
	author = {Asai, Yoshiyuki and Abe, Takeshi and Oka, Hideki and Okita, Masao and Hagihara, Ken-ichi and Ghosh, Samik and Matsuoka, Yukiko and Kurachi, Yoshihisa and Nomura, Taishin and Kitano, Hiroaki},
	year = {2014},
	pages = {50--58},
}

@inproceedings{asai_multilevel_2012,
	title = {Multilevel {Modeling} of {Physiological} {Systems} and {Simulation} {Platform}: {PhysioDesigner}, {Flint} and {Flint} {K3} {Service}},
	doi = {10.1109/SAINT.2012.40},
	booktitle = {2012 {IEEE}/{IPSJ} 12th {International} {Symposium} on {Applications} and the {Internet}},
	author = {Asai, Yoshiyuki and Abe, Takeshi and Okita, Masao and Okuyama, Tomohiro and Yoshioka, Nobukazu and Yokoyama, Shigetsohi and Nagaku, Masaru and Hagihara, Ken-Ichi and Kitano, Hiroaki},
	month = jul,
	year = {2012},
	pages = {215--219},
}

@article{higham_algorithmic_2001,
	title = {An {Algorithmic} {Introduction} to {Numerical} {Simulation} of {Stochastic} {Differential} {Equations}},
	volume = {43},
	number = {3},
	author = {Higham, Desmond J},
	year = {2001},
	pages = {525--546},
}

@article{lloyd_cellml_2004,
	series = {Modelling {Cellular} and {Tissue} {Function}},
	title = {{CellML}: its future, present and past},
	volume = {85},
	issn = {0079-6107},
	doi = {10.1016/j.pbiomolbio.2004.01.004},
	number = {2},
	journal = {Progress in Biophysics and Molecular Biology},
	author = {Lloyd, Catherine M. and Halstead, Matt D. B. and Nielsen, Poul F.},
	month = jun,
	year = {2004},
	pages = {433--450},
}

@article{hucka_systems_2003,
	title = {The systems biology markup language ({SBML}): a medium for representation and exchange of biochemical network models},
	volume = {19},
	issn = {1367-4803},
	doi = {10.1093/bioinformatics/btg015},
	number = {4},
	journal = {Bioinformatics},
	author = {Hucka, M. and Finney, A. and Sauro, H. M. and Bolouri, H. and Doyle, J. C. and Kitano, H. and Arkin, A. P. and Bornstein, B. J. and Bray, D. and Cornish-Bowden, A. and Cuellar, A. A. and Dronov, S. and Gilles, E. D. and Ginkel, M. and Gor, V. and Goryanin, I. I. and Hedley, W. J. and Hodgman, T. C. and Hofmeyr, J.-H. and Hunter, P. J. and Juty, N. S. and Kasberger, J. L. and Kremling, A. and Kummer, U. and Le Novère, N. and Loew, L. M. and Lucio, D. and Mendes, P. and Minch, E. and Mjolsness, E. D. and Nakayama, Y. and Nelson, M. R. and Nielsen, P. F. and Sakurada, T. and Schaff, J. C. and Shapiro, B. E. and Shimizu, T. S. and Spence, H. D. and Stelling, J. and Takahashi, K. and Tomita, M. and Wagner, J. and Wang, J.},
	month = mar,
	year = {2003},
	pages = {524--531},
}

@article{hindmarsh2005sundials,
  title={{SUNDIALS}: Suite of nonlinear and differential/algebraic equation solvers},
  author={Hindmarsh, Alan C and Brown, Peter N and Grant, Keith E and Lee, Steven L and Serban, Radu and Shumaker, Dan E and Woodward, Carol S},
  journal={ACM Transactions on Mathematical Software (TOMS)},
  volume={31},
  number={3},
  pages={363--396},
  year={2005},
  publisher={ACM}
}

@misc{IMM2004-03215,
    author       = {K. Madsen and H. B. Nielsen and O. Tingleff},
    title        = {Methods for Non-Linear Least Squares Problems (2nd ed.)},
    year         = {2004},
    pages        = {60},
    publisher    = {Informatics and Mathematical Modelling, Technical University of Denmark, {DTU}},
    address      = {Richard Petersens Plads, Building 321, {DK-}2800 Kgs. Lyngby},
}

@article{nomura_toward_2010,
	title = {Toward {Integration} of {Biological} and {Physiological} {Functions} at {Multiple} {Levels}},
	volume = {1},
	issn = {1664-042X},
	doi = {10.3389/fphys.2010.00164},
	journal = {Frontiers in Physiology},
	author = {Nomura, Taishin},
	year = {2010},
}

@article{hoops_copasicomplex_2006,
	title = {{COPASI}—a {COmplex} {PAthway} {SImulator}},
	volume = {22},
	issn = {1367-4803},
	doi = {10.1093/bioinformatics/btl485},
	language = {en},
	number = {24},
	journal = {Bioinformatics},
	author = {Hoops, Stefan and Sahle, Sven and Gauges, Ralph and Lee, Christine and Pahle, Jürgen and Simus, Natalia and Singhal, Mudita and Xu, Liang and Mendes, Pedro and Kummer, Ursula},
	month = dec,
	year = {2006},
	pages = {3067--3074},
}
