@misc{gnuplot,
title={{gnuplot 5.0: An Interactive Plotting Program}},
author={Thomas Williams and Colin Kelley and others},
month={August},
year={2017},
note={\url{http://gnuplot.info/}}
}

@article{hindmarsh2005sundials,
  title={{SUNDIALS}: Suite of nonlinear and differential/algebraic equation solvers},
  author={Hindmarsh, Alan C and Brown, Peter N and Grant, Keith E and Lee, Steven L and Serban, Radu and Shumaker, Dan E and Woodward, Carol S},
  journal={ACM Transactions on Mathematical Software (TOMS)},
  volume={31},
  number={3},
  pages={363--396},
  year={2005},
  publisher={ACM}
}

@misc{pythonstdlib,
title={{The Python Standard Library}},
author={Python Software Foundation},
month={July},
year={2020},
note={\url{https://docs.python.org/3/library/index.html}}
}
